@inproceedings{Keuning:2016,
 author = {Keuning, Hieke and Jeuring, Johan and Heeren, Bastiaan},
 title = {Towards a Systematic Review of Automated Feedback Generation for Programming Exercises},
 booktitle = {Proceedings of the Conference on Innovation \& Technology in Computer Science Education},
 series = {ITiCSE},
 year = {2016},
 pages = {41--46},
 publisher = {ACM},
}

@article{Chuttur:2009,
author = {Chuttur, M. Y.},
institution = {Indiana University, USA},
issn = {1535-6078},
journal = {Sprouts: Working Papers on Information Systems},
number = {37},
title = {{Overview of the Technology Acceptance Model: Origins, Developments and Future Directions}},
volume = {9},
year = {2009}
}

@inproceedings{Watson:2014,
 author = {Watson, Christopher and Li, Frederick W.B.},
 title = {Failure Rates in Introductory Programming Revisited},
 booktitle = {Proceedings of the Conference on Innovation \& Technology in Computer Science Education},
 series = {ITiCSE},
 year = {2014},
 pages = {39--44},
} 

@inproceedings{Kumar:2008:Female,
  title={Female students assess software tutors more positively than male students},
  author={Kumar, Amruth N},
  booktitle={38th Annual Frontiers in Education Conference},
  year={2008},
  organization={IEEE}
}

@inproceedings{Price:2015,
  author    = {Thomas W. Price and
               Tiffany Barnes},
  title     = {Creating Data-Driven Feedback for Novices in Goal-Driven Programming Projects},
  booktitle = {Proceedings of the Conference on Artificial Intelligence in Education},
  pages     = {856--859},
  year      = {2015},
}

@article{Kumar:2008,
 author = {Kumar, Amruth N.},
 title = {The Effect of Using Problem-solving Software Tutors on the Self-confidence of Female Students},
 journal = {SIGCSE Bull.},
 issue_date = {March 2008},
 volume = {40},
 number = {1},
 month = mar,
 year = {2008},
 issn = {0097-8418},
 pages = {523--527},
 numpages = {5},
 publisher = {ACM},
 address = {New York, NY, USA},
 keywords = {learning, problem-solving software tutors, programming, self-confidence, shrinking pipeline},
}

@inproceedings{Ihantola:2015,
 author = {Ihantola, Petri and Vihavainen, Arto and Ahadi, Alireza and Butler, Matthew and B\"{o}rstler, J\"{u}rgen and Edwards, Stephen H. and Isohanni, Essi and others},
 title = {Educational Data Mining and Learning Analytics in Programming},
 booktitle = {Proceedings of Innovation \& Technology in Computer Science Education Conference},
 series = {ITiCSE-WGR},
 year = {2015},
 location = {Vilnius, Lithuania},
 pages = {41--63},
 numpages = {23},
 publisher = {ACM},
} 


@inproceedings{Benotti:2014,
 author = {Benotti, Luciana and Mart\'{\i}nez, Mar\'{\i}a Cecilia and Schapachnik, Fernando},
 title = {Engaging High School Students Using Chatbots},
 booktitle = {Proceedings of the 2014 Conference on Innovation and Technology in Computer Science Education},
 year = {2014},
 isbn = {978-1-4503-2833-3},
 location = {Uppsala, Sweden},
 pages = {63--68},
 numpages = {6},
 url = {http://doi.acm.org/10.1145/2591708.2591728},
 doi = {10.1145/2591708.2591728},
 acmid = {2591728},
 publisher = {ACM},
 address = {New York, NY, USA},
 keywords = {cengagement, chatbot, computer science k-12 outreach, experimental evaluation, gender},
} 

@inproceedings{Martinez:2015a,
 author = {Benotti, Luciana and Gomez, Marcos J. and Martinez, Cecilia },
 title = {{UNC++Duino}: Learning to program in {P}ython and {C++} starting from blocks},
 booktitle = {Proceedings of the Conference on Robotics in Education},
 year = {2016},
 location = {Viena, Austria},
} 

@article{Martinez:2015b,
  title={Representaciones de estudiantes de primaria y secundaria sobre las Ciencias de la Computaci{\'o}n y su oficio.},
  author={Martinez, Mar{\'\i}a Cecilia and Echeveste, Mar{\'\i}a Emilia},
  journal={Revista de Educaci{\'o}n a Distancia},
  number={46},
  year={2015}
}

@article{Lang:2013,
  title={Bugs in the System: {CS} Teacher Certification in the {US}},
  author={Lang, Karen and Galanos, R and Goode, J and Seehorn, D and Trees, F and Phillips, P and Stephenson, C},
  journal={The {CSTA} and The {ACM}},
  year={2013}
}


@inproceedings{Ragonis:2010,
  title={A survey of {CS} teacher preparation programs in {Israel tells} us: {CS} deserves a designated high school teacher preparation!},
  author={Ragonis, Noa and Hazzan, Orit and Gal-Ezer, Judith},
  booktitle={Proceedings of the 41st Symposium on Computer Science Education},
  pages={401--405},
  year={2010},
  organization={ACM}
}

@inproceedings{Ericson:2007,
  title={Improving secondary {CS} education: progress and problems},
  author={Ericson, Barbara and Guzdial, Mark and Biggers, Maureen},
  booktitle={SIGCSE Bulletin},
  volume={39},
  number={1},
  pages={298--301},
  year={2007},
}

@inproceedings{Thompson:2013,
  title={Adoption of new {CS} high school standards by {N}ew {Z}ealand teachers},
  author={Thompson, David and Bell, Tim},
  booktitle={Proc of the Workshop in Primary and Secondary Computing Education},
  pages={87--90},
  year={2013},
  organization={ACM}
}

@article{Goode:2007,
  title={If you build teachers, will students come? The role of teachers in broadening computer science learning for urban youth},
  author={Goode, Joanna},
  journal={Journal of Educational Computing Research},
  volume={36},
  number={1},
  pages={65--88},
  year={2007},
  publisher={SAGE Publications}
}

@article{Cuny:2010,
  title={Finding 10,000 teachers},
  author={Cuny, Jan},
  journal={CSTA Voice},
  volume={5},
  number={6},
  pages={1--2},
  year={2010}
}

@inproceedings{Muhling:2010,
  title={Exploring teachers' attitudes towards object oriented modelling and programming in secondary schools},
  author={M{\"u}hling, Andreas and Hubwieser, Peter and Brinda, Torsten},
  booktitle={Proc of the Sixth international workshop on Computing education research},
  pages={59--68},
  year={2010},
  organization={ACM}
}

@article{Goode:2011,
  title={Exploring computer science: A case study of school reform},
  author={Goode, Joanna and Margolis, Jane},
  journal={ACM Transactions on Computing Education (TOCE)},
  volume={11},
  number={2},
  pages={12},
  year={2011},
  publisher={ACM}
}

@inproceedings{Ni:2011,
title={Building a community to support HS CS teachers: the disciplinary
commons for computing educators},
author={Ni, Lijun and Guzdial, Mark and Tew, Allison Elliott and Morrison,
Briana and Galanos, Ria},
booktitle={Proc of the Technical Symposium on Computer
science education},
pages={553­­558},
year={2011},
organization={ACM}
}

@inproceedings{Ni:2012,
  title={Who AM {I}?: understanding high school {CS} teachers' professional identity},
  author={Ni, Lijun and Guzdial, Mark},
  booktitle={Proc of the Technical Symposium on Computer Science Education},
  pages={499--504},
  year={2012},
  organization={ACM}
}

@article{Ericson:2008,
  title={Ensuring exemplary teaching in an essential discipline: Addressing the crisis in computer science teacher certification},
  author={Ericson, B and Armoni, M and Gal-Ezer, J and Seehorn, D and Stephenson, C and Trees, F},
  journal={Final Report of the CSTA Teacher Certification Task Force. ACM},
  year={2008}
}

@article{Borko:2004,
  title={Professional development and teacher learning: Mapping the terrain},
  author={Borko, Hilda},
  journal={Educational researcher},
  volume={33},
  number={8},
  pages={3--15},
  year={2004},
  publisher={Sage Publications}
}

@article{Garet:2001,
  title={What makes {PD} effective? {R}esults from a national sample of teachers},
  author={Garet, Michael S and Porter, Andrew C and Desimone, Laura and Birman, Beatrice F and Yoon, Kwang Suk},
  journal={American educational research journal},
  volume={38},
  number={4},
  pages={915--945},
  year={2001},
  publisher={Sage Publications}
}

@article{Vescio:2008,
  title={A review of research on the impact of professional learning communities on teaching practice and student learning},
  author={Vescio, Vicki and Ross, Dorene and Adams, Alyson},
  journal={Teaching and teacher education},
  volume={24},
  number={1},
  pages={80--91},
  year={2008},
  publisher={Elsevier}
}

@article{Windschitl:2002,
  title={Tracing teachers' use of technology in a laptop computer school: The interplay of teacher beliefs, social dynamics, and institutional culture},
  author={Windschitl, Mark and Sahl, Kurt},
  journal={American educational research journal},
  volume={39},
  number={1},
  pages={165--205},
  year={2002},
  publisher={Sage Publications}
}

@article{Mishra:2006,
  title={Technological pedagogical content knowledge: A framework for teacher knowledge},
  author={Mishra, Punya and Koehler, Matthew},
  journal={The Teachers College Record},
  volume={108},
  number={6},
  pages={1017--1054},
  year={2006},
  publisher={Teachers College Record}
}

@article{Carter:1990,
  title={Teachers' knowledge and learning to teach},
  author={Carter, Kathy},
  journal={Handbook of research on teacher education},
  pages={291--310},
  year={1990}
}

@article{Ertmer:2005,
  title={Teacher pedagogical beliefs: The final frontier in our quest for technology integration?},
  author={Ertmer, Peggy A},
  journal={Educational technology research and development},
  volume={53},
  number={4},
  pages={25--39},
  year={2005},
  publisher={Springer}
}

@inproceedings{Claessen2000,
 author = {Claessen, Koen and Hughes, John},
 title = {QuickCheck: A Lightweight Tool for Random Testing of Haskell Programs},
 booktitle = {Proceedings of the International Conference on Functional Programming},
 series = {ICFP},
 year = {2000},
 pages = {268--279},
} 

% RELATED WORK

%% Ask-Elle (Haskell)

% El más reciente y completo
@article{gerdes2016ask,
  title={Ask-Elle: an adaptable programming tutor for Haskell giving automated feedback},
  author={Gerdes, Alex and Heeren, Bastiaan and Jeuring, Johan and van Binsbergen, L Thomas},
  journal={International Journal of Artificial Intelligence in Education},
  pages={1--36},
  year={2016},
  publisher={Springer}
}

% Los anteriores (subsumidos por gerdes2016ask)
@inproceedings{gerdes2012interactive,
  title={An interactive functional programming tutor},
  author={Gerdes, Alex and Jeuring, Johan and Heeren, Bastiaan},
  booktitle={Proceedings of the Conference on Innovation \& technology in computer science education},
  pages={250--255},
  year={2012},
  organization={ACM}
}

@inproceedings{jeuring2014model,
  title={Model solutions and properties for diagnosing student programs in Ask-Elle},
  author={Jeuring, Johan and van Binsbergen, L Thomas and Gerdes, Alex and Heeren, Bastiaan},
  booktitle={Proceedings of the Computer Science Education Research Conference},
  pages={31--40},
  year={2014},
  organization={ACM}
}

@inproceedings{olmer2014evaluating,
  title={Evaluating Haskell expressions in a tutoring environment},
  author={Olmer, Tim and Heeren, Bastiaan and Jeuring, Johan},
  booktitle = {Proceedings 3rd International Workshop on Trends in Functional Programming
               in Education, {TFPIE} 2014, Soesterberg, The Netherlands, 25th May
               2014.},
  pages     = {50--66},
  year      = {2014},
  crossref  = {CaldwellHA14},
  url       = {http://dx.doi.org/10.4204/EPTCS.170.4},
  doi       = {10.4204/EPTCS.170.4},
}

@proceedings{CaldwellHA14,
  editor    = {James Caldwell and
               Philip K. F. H{\"{o}}lzenspies and
               Peter Achten},
  title     = {Proceedings 3rd International Workshop on Trends in Functional Programming
               in Education, {TFPIE} 2014, Soesterberg, The Netherlands, 25th May
               2014},
  series    = {{EPTCS}},
  volume    = {170},
  year      = {2014},
  url       = {http://dx.doi.org/10.4204/EPTCS.170},
  doi       = {10.4204/EPTCS.170},
}

%% WeScheme (Scheme, Racket)

@inproceedings{yoo2011wescheme,
  title={WeScheme: the browser is your programming environment},
  author={Yoo, Danny and Schanzer, Emmanuel and Krishnamurthi, Shriram and Fisler, Kathi},
  booktitle={Proceedings of the 16th annual joint conference on Innovation and technology in computer science education},
  pages={163--167},
  year={2011},
  organization={ACM}
}

%% Programmer's Learning Machine (Scala)

@inproceedings{quinson2015teaching,
  title={A Teaching System to Learn Programming: the Programmer's Learning Machine},
  author={Quinson, Martin and Oster, G{\'e}rald},
  booktitle={Proceedings of the Conference on Innovation \& Technology in Computer Science Education},
  pages={260--265},
  series = {ITiCSE},
  year={2015},
}

% Smart Learning Contents

@inproceedings{brusilovsky2014increasing,
  title = {Increasing Adoption of Smart Learning Content for Computer Science Education},
  author={Brusilovsky, Peter and Edwards, Stephen and Kumar, Amruth and Malmi, Lauri and Benotti, Luciana and Buck, Duane and Ihantola, Petri and Prince, Rikki and Sirki{\"a}, Teemu and Sosnovsky, Sergey and others},
  booktitle={Proceedings of the Conference on Innovation \& Technology in Computer Science Education},
  series = {ITiCSE-WGR},
  pages={31--57},
  year={2014},
  organization={ACM}
}

@inproceedings{Gerdes:2012,
  author    = {Alex Gerdes and
               Johan Jeuring and
               Bastiaan Heeren},
  title     = {An interactive functional programming tutor},
  booktitle = {Proceedings of the Conference on Innovation \& Technology in Computer Science Education},
  series = {ITiCSE},
  pages     = {250--255},
  year      = {2012},
}
